@book{fish82,
	Author = {Fishburn, P. C.},
	Publisher = {Dordrecht: D. Riedel},
	Title = {The {F}oundations of {E}xpected {U}tility},
	Year = {1982}}



@book{OsbRub94,
	Author = {Osborne, M. J. and Rubinstein, A.},
	Publisher = {MIT Press},
	Title = {A {C}ourse in {G}ame {T}heory},
	Year = {1994}}


@Article{baltsmezves09,
author = {Baltag, A. and Smets, S. and Zvesper, J.},
title = {Keep `{H}oping' for {R}ationality: {A} solution to the backward induction paradox},
journal = {Synthese},
year = {2009},
volume = {169},
pages = {301--333}
}


@Article{baltsme08,
author = {Baltag, A. and Smets, S.},
title = {A {Q}ualitative {T}heory of {D}ynamic {I}nteractive {B}elief {R}evision},
journal = {Texts in {L}ogic and {G}ames},
year = {2008},
volume = {3},
pages = {9--58}
}


@Article{walley96,
author = {Walley, P.},
title = {Inferences from {M}ultinomial {D}ata: {L}earning about a {B}ag of {M}arbles},
journal = {Journal of the {R}oyal {S}tatistical {S}ociety},
year = {1996},
volume = {58:1},
pages = {3--57}
}

@Article{gardsah82,
author = {Gardenfors, P. and Sahlin, N.},
title = {Unreliable {P}robabilities, {R}isk {T}aking, and {D}ecision {M}aking},
journal = {Synthese},
year = {1982},
volume = {53},
pages = {361--386}
}


@Article{levi74,
author = {Levi, I.},
title = {On {I}ndeterminate {P}robabilities},
journal = {The {J}ournal of {P}hilosophy},
year = {1974},
volume = {71:13},
pages = {391--418}
}


@Article{BattCerrMM15,
author = {Battigalli, P. and Cerreia-Vioglio, S. and Maccheroni, F. and Marinacci, M.},
title = {Self-Confirming Equilibrium and Model Uncertainty
},
journal = {American {E}conomic {R}eview},
year = {2015},
volume = {105:2},
pages = {646--677}
}



@Article{chenmic13,
author = {Chen, J. and Micali, S.},
title = {The {O}rder {I}ndependence of {I}terated {D}ominance in {E}xtensive {G}ames},
journal = {Theoretical {E}conomics},
year = {2013},
volume = {8},
pages = {125--163}
}


@Article{brankeis06,
author = {Brandenburger, A. and Keisler J. H.},
title = {An {I}mpossibility {T}heorem on {B}eliefs in {G}ames},
journal = {Studia {L}ogica},
year = {2006},
volume = {84},
pages = {211--240}
}


@Article{mor00,
author = {Morris, S.},
title = {Contagion},
journal = {Review of {E}conomic {S}tudies},
year = {2000},
volume = {67},
pages = {57--78}
}


@Article{pac07,
author = {Pacuit, E.},
title = {Understanding the {B}randenburger-{K}eisler {P}aradox},
journal = {Studia {L}ogica},
year = {2007},
volume = {86},
pages = {435--454}
}


@InCollection{parmossste07,
author = {Moss, L. S. and Parikh, R. and Steinsvold, C.},
title = {Topology and {E}pistemic {L}ogic},
booktitle = {Handbook of {S}patial {L}ogics},
publisher = {Springer},
year = {2007},
editor = {Aiello, M. and Pratt-Hartmann, I. and van Benthem, J.}
}


@Article{brandek93,
author = {Brandenburger, A. and Dekel, E.},
title = {Hierarchies of {B}eliefs and {C}ommon {K}nowledge},
journal = {Journal of {E}conomic {T}heory},
year = {1993},
volume = {59},
pages = {189--198}
}


@Article{loosug82,
author = {Loomes, G. and Sugden, R.},
title = {Regret {T}heory: {A}n {A}lternative {T}heory of {R}ational {C}hoice {U}nder {U}ncertainty},
journal = {The {E}conomic {J}ournal},
year = {1982},
volume = {92:368},
pages = {805--824}
}



@Article{bell82,
author = {Bell, D. E.},
title = {Regret in {D}ecision {M}aking {U}nder {U}ncertainty},
journal = {Operations {R}esearch},
year = {1982},
volume = {30:5},
pages = {961--981}
}


@Article{GhirMar02,
author = {Ghirardato, P. and Marinacci, M.},
title = {Ambiguity {M}ade {P}recise: {A} {C}omparative {F}oundation},
journal = {Journal of {E}conomic {T}theory},
year = {2002},
volume = {102},
pages = {251--289}
}

@Article{MacMarRus06,
author = {Maccheroni, F. and Marinacci, M. and Rustichini, A.},
title = {{A}MBIGUITY {A}VERSION, {R}OBUSTNESS, AND THE {V}ARIATIONAL {R}EPRESENTATION OF {P}REFERENCES},
journal = {Econometrica},
year = {2006},
volume = {74:6},
pages = {1447--1498}
}

@Article{GilSch89,
author = {Gilboa, I. and Schmeidler, D.},
title = {{M}axmin {E}xpected {U}tility with {N}on-unique {P}rior},
journal = {Journal of {M}athematical {E}conomics},
year = {1989},
volume = {18},
pages = {141--153}
}


@Article{KlibMarMuk05,
author = {Klibanoff, P. and Marinacci, M. and Mukerji, S.},
title = {A {S}MOOTH {M}ODEL OF {D}ECISION {M}AKING UNDER {A}MBIGUITY},
journal = {Econometrica},
year = {2005},
volume = {73:6},
pages = {1849--1892}
}


@Article{heifshanspieg07,
author = {Heifetz, A. and Shannon, C. and Spiegel, Y.},
title = {What to maximize if you must},
journal = {Journal of {E}conomic {T}heory},
year = {2007},
volume = {133},
pages = {31--57}
}


@Article{algweib13,
author = {Alger, I. and Weibull, J. W.},
title = {Homo {M}oralis: {P}reference {E}volution {U}nder {I}ncomplete {I}nformation and {A}ssortative {M}atching},
journal = {Econometrica},
year = {2013},
volume = {81:6},
pages = {2269--2302}
}



@Article{ElyYlan01,
author = {Ely, J.C. and Ylankaya, O.},
title = {Nash {E}quilibrium and the {E}volution of {P}references},
journal = {Journal of {E}conomic {T}heory},
year = {2001},
volume = {97},
pages = {255--272}
}


@Article{DekElyYlan07,
author = {Dekel, E. and Ely, J.C. and Ylankaya, O.},
title = {Evolution of {P}references},
journal = {The {R}eview of {E}conomic {S}tudies},
year = {2007},
volume = {74:3},
pages = {685--704}
}




@Article{OkVega01,
author = {Ok, E. and Vega {R}edondo, F.},
title = {On the {E}volution of {I}ndividualistic
{P}references: {A}n {I}ncomplete {I}nformation {S}cenario},
journal = {Journal of {E}conomic {T}heory},
year = {2001},
volume = {97},
pages = {231--254}
}


@Article{Sam01,
author = {Samuelson, L.},
title = {Introduction to the {E}volution of {P}references},
journal = {Journal of {E}conomic {T}heory},
year = {2001},
volume = {97},
pages = {225--230}
}


@InCollection{RobSam11,
author = {Robson, A. and Samuelson, L.},
title = {The {E}volutionary {F}oundations of {P}references},
booktitle = {Handbook of {S}ocial {E}conomics, 1A},
publisher = {North-{H}olland},
year = {2011},
editor = {Benhabib, J. and Jackson, M. and Bisin, A. }
}



@Article{halpass12,
author = {Halpern, J. and Pass, R.},
title = {Iterated {R}egret {M}inimization: {a} {N}ew {S}olution {C}oncept},
journal = {Games and {E}conomic {B}ehavior},
year = {2012},
volume = {74:1},
pages = {194--207}
}


@Article{ells61,
author = {Ellsberg, D.},
title = {Risk, {A}mbiguity, and the {S}avage {A}xioms},
journal = {Quarterly {J}ournal of {E}conomics},
year = {1961},
volume = {75:4},
pages = {643--669}
}


@Article{fehrschmidt99,
author = {Fehr, E. and Schmidt, K.},
title = {A {T}heory of {F}airness, {C}ompetition and {C}ooperation},
journal = {Quarterly {J}ournal of {E}conomics},
year = {1999},
volume = {114},
pages = {817--868}
}


@Article{charrab02,
author = {Charness, G. and Rabin, M.},
title = {Understanding {S}ocial {P}references with {S}imple {T}ests},
journal = {Quarterly {J}ournal of {E}conomics},
year = {2002},
volume = {117:3},
pages = {817--869}
}


@Article{deFinetti37,
author = {{de Finetti}, B.},
title = {La {P}revision: {S}es {L}ois {L}ogiques, {S}es {S}ources {S}ubjectives},
journal = {Annales de l'{I}nstitute {H}enri {P}oincare},
year = {1937},
volume = {7},
pages = {1-68}
}



@Article{bent07,
author = {van Benthem, J.},
title = {Dynamic {L}ogic for {B}elief {R}evision},
journal = {Journal of {A}pplied {N}on-{C}lassical {L}ogics},
year = {2007},
volume = {17},
pages = {129--155}
}


@Article{battgilmol92,
author = {Battigalli, P. and Gilli, M. and Molinari, M. C.},
title = {Learning and {C}onvergence to {E}quilibrium in {R}epeated {S}trategic {I}nteraction},
journal = {Ricerche {E}conomiche},
year = {1992},
volume = {35},
pages = {335--378}
}


@Article{battsin02,
author = {Battigalli, P. and Siniscalchi, M.},
title = {Strong {B}elief and {F}orward {I}nduction {R}easonong},
journal = {Journal of {E}conomic {T}heory},
year = {2002},
volume = {106},
pages = {356--391}
}

@Article{battsin99,
author = {Battigalli, P. and Siniscalchi, M.},
title = {Hierachies of {C}onditional {B}eliefs and {I}nteractive {E}pistemology in {D}ynamic {G}ames},
journal = {Journal of {E}conomic {T}heory},
year = {1999},
volume = {88},
pages = {188--230}
}


@Article{stal98,
author = {Stalnaker, R.},
title = {Belief {R}evision in {G}ames: {F}orward and {B}ackward {I}nduction},
journal = {Mathematical {S}ocial {S}ciences},
year = {1998},
volume = {36},
pages = {31--56}
}

@Article{stal96,
author = {Stalnaker, R.},
title = {Knowledge, {B}eliefs and {C}ounterfactual {R}easoning in {G}ames},
journal = {Economics and {P}hilosophy},
year = {1996},
volume = {12},
pages = {133--163}
}


@Book{Russ18,
author = {Russell, B.},
title = {The {P}hilosophy of {L}ogical {A}tomism},
publisher = {repr. Routledge},
year = {repr. 2010 (1918)}
}


@Book{faghalpmosvar95,
author = {Fagin, R. and Halpern, J. and Moses, Y. and Vardi, M.},
title = {Reasoning about {K}nowledge},
publisher = {MIT {P}ress},
year = {1995}
}


@Book{vick89,
author = {Vickers, S.},
title = {Topology via {L}ogic},
publisher = {Cambridge {U}niversity {P}ress},
year = {1989}
}


@Book{arm83,
author = {Armstrong, M. A.},
title = {Basic {T}opology},
publisher = {Springer},
year = {1983}
}


@Book{awod06,
author = {Awodey, S.},
title = {Category {T}heory},
publisher = {Oxford {U}niversity {P}ress},
year = {2006}
}


@Article{halp01,
author = {Halpern, J.},
title = {Substantive rationality and backward induction},
journal = {Games and {E}conomic {B}ehavior},
year = {2001},
volume = {37},
pages = {125--135}
}

@Book{halp03,
author = {Halpern, J.},
title = {Reasonong about {U}ncertainty},
publisher = {MIT {P}ress},
year = {2003}
}

@Article{faghalpmeg90,
author = {Fagin, R. and Halpern, J. and Megiddo, N.},
title = {A {L}ogic for {R}easoning about {P}robabilities},
journal = {Information and {C}omputation},
year = {1990},
volume = {87},
pages = {78--128}
}

@Article{faghalp94,
author = {Fagin, R. and Halpern, J.},
title = {Reasoning about {K}nowledge and {P}robability},
journal = {Journal of the ACM},
year = {1994},
volume = {41},
pages = {340--367}
}

@Unpublished{pacroy,
author = {Pacuit, E. and Roy, O.},
title = {Interactive {R}ationality},
note = {To appear, available online at http://ai.stanford.edu/~epacuit/publications.html}
}

@Article{bran07,
author = {Brandenburger, A.},
title = {The power of paradox: some recent developments in interactive epistemology},
journal = {International {J}ournal of {G}ame {T}heory},
year = {2007},
volume = {35},
pages = {465--492}
}

@InCollection{aum87,
author = {Aumann, R.},
title = {Game {T}heory},
booktitle = {The {N}ew {P}algrave: {A} {D}ictionary of {E}conomics},
publisher = {MacMillan {P}ress},
year = {1987},
editor = {Eatwell, J. and Milgate, M. and Newman, P. }
}

@InCollection{bran08,
author = {Brandenburger, A.},
title = {Epistemic game theory: an overview},
booktitle = {The {N}ew {P}algrave {D}ictionary of {E}conomics},
publisher = {Palgrave {M}acMillan},
year = {2008},
editor = {Durlauf, S. and Blume, L.}
}


@Article{bran92,
author = {Brandenburger, A.},
title = {Knowledge and {E}quilibrium in {G}ames},
journal = {Journal of {E}conomic {P}erspectives},
year = {1992},
volume = {6},
pages = {83--101}
}

@Article{aumbran95,
author = {Aumann, R. and Brandenburger, A.},
title = {Epistemic {C}onditions for {N}ash {E}quilibrium},
journal = {Econometrica},
year = {1995},
volume = {63},
pages = {1161--1180}
}

@Article{aum95,
author = {Aumann, R.},
title = {Backward {I}nduction and {C}ommon {K}nowledge of {R}ationality},
journal = {Games and {E}conomic {B}ehavior},
year = {1995},
volume = {8},
pages = {6--19}
}

@Article{aum76,
author = {Aumann, R.},
title = {Agreeing to {D}isagree},
journal = {Annals of {S}tatistics},
year = {1976},
volume = {4},
pages = {1236--1239}
}

@Article{hars67,
author = {Harsanyi, J.},
title = {Games with incomplete informations played by `bayesian' players},
journal = {Management {S}cience},
year = {1967-68},
volume = {14},
pages = {159--182}
}

@Book{skyr90,
author = {Skyrms, B.},
title = {The {D}ynamics of {R}ational {D}eliberation},
publisher = {Harvard {U}niversity {P}ress},
year = {1990}
}

@Book{neumorg44,
author = {von Neumann, J. and Morgenstern, O.},
title = {Theory of {G}ames and {E}conomic {B}ehavior},
publisher = {Princeton {U}niversity {P}ress},
year = {1944}
}

@Article{nash51,
author = {Nash, J.},
title = {Non-{C}ooperative {G}ames},
journal = {The {A}nnals of {M}athematics},
year = {1951},
volume = {54},
pages = {286--295}
}

@Article{krepwil82,
author = {Kreps, D. and Wilson, R.},
title = {Sequential {E}quilibria},
journal = {Econometrica},
year = {1982},
volume = {50},
pages = {863--894}
}

@Article{gean89,
author = {Geanakoplos, J.},
title = {Game {T}heory {W}ithout {P}artitions, and {A}pplications to {S}peculation and {C}onsensus},
journal = {Cowles {F}oundation {D}iscussion {P}aper},
year = {1989},
number = {914}
}


@Article{geanpearsta89,
author = {Geanakoplos, J. and Pearce, D. and Stacchetti, E.},
title = {Psycological {G}ames and {S}equential {R}ationality},
journal = {Games and {E}conomic {B}ehavior},
year = {1989},
volume = {1},
pages = {60--79}
}

@InCollection{binbran90,
author = {Binmore, K. and Brandenburger, A.},
title = {Common {K}nowledge and {G}ame {T}heory},
booktitle = {Essay on the {F}oundation of {G}ame {T}heory},
publisher = {Basil {B}lackwell},
year = {1990},
editor = {K. {B}inmore}
}


@Article{pear84,
author = {Pearce, D.},
title = {Rationalizable {S}trategic {B}ehavior and the {P}roblem of {P}erfection},
journal = {Econometrica},
year = {1984},
volume = {52},
pages = {1029--1050}
}

@Article{pettsug89,
author = {Pettit, P. and Sugden, R.},
title = {The {B}ackward {I}nduction {P}aradox},
journal = {the {J}ournal of {P}hilosophy},
year = {1989},
volume = {86},
pages = {169--182}
}



@Article{ren92,
author = {Reny, P.},
title = {Rationality in {E}xstensive {F}orm {G}ame},
journal = {Journal of {E}conomic {P}erspectives},
year = {1992},
volume = {6},
pages = {92--100}
}

@Book{leon10,
author = {Leonard, R.},
title = {Von {N}eumann, {M}orgenstern, and the {C}reation of {G}ame {T}heory},
publisher = {Cambridge {U}niversity {P}ress},
year = {2010}
}

@Book{sch60,
author = {Schelling, T.},
title = {The {S}trategy of {C}onflict},
publisher = {Harvard {U}niversity {P}ress},
year = {1960}
}

@Book{lew69,
author = {Lewis, D.},
title = {Convention: {A} {P}hilosophical {S}tudy},
publisher = {Harvard {U}niversity {P}ress},
year = {1969}
}

@Book{harsselt88,
author = {Harsanyi, J. and Selten, R.},
title = {A {G}eneral {T}heory of {E}quilibrium {S}election in {G}ames},
publisher = {MIT {P}ress},
year = {1988}
}

@Book{skyr96,
author = {Skyrms, B.},
title = {Evolution of the {S}ocial {C}ontract},
publisher = {Cambridge {U}niversity {P}ress},
year = {1996}
}

@Book{skyr04,
author = {Skyrms, B.},
title = {The {S}tag {H}unt and the {E}volution of {S}ocial {S}tructure},
publisher = {Cambridge {U}niversity {P}ress},
year = {2004}
}

@Book{skyr10,
author = {Skyrms, B.},
title = {Signals: {E}volution, {L}earning, and {I}nformation},
publisher = {Oxford {U}niversity {P}ress},
year = {2010}
}

@Book{dithoekkooi07,
author = {van Ditmarsch, H. and van der Hoek, W. and Kooi, B.},
title = {Dynamic {E}pistemic {L}ogic},
publisher = {Springer Verlag},
year = {2007}
}


