#extracted bib from paper.tex and //Users/micha/Library/texmf/bibtex/bib/MyRefGlobal.bib at time.struct_time(tm_year=2015, tm_mon=11, tm_mday=5, tm_hour=10, tm_min=44, tm_sec=11, tm_wday=3, tm_yday=309, tm_isdst=0)
@preamble{"\newcommand{\SortNoop}[1]{}"} 


@article{WordenLevin2007:Evolutionary-es,
	Author = {Lee Worden and Simon A. Levin},
	Date-Added = {2015-05-20 11:55:13 +0000},
	Date-Modified = {2015-05-20 11:56:18 +0000},
	Doi = {10.1016/j.jtbi.2006.10.011},
	Journal = {Journal of Theoretical Biology},
	Pages = {411--422},
	Title = {Evolutionary escape from the prisoner's dilemma},
	Volume = {245},
	Year = {2007},
	Bdsk-File-1 = {YnBsaXN0MDDUAQIDBAUGJCVYJHZlcnNpb25YJG9iamVjdHNZJGFyY2hpdmVyVCR0b3ASAAGGoKgHCBMUFRYaIVUkbnVsbNMJCgsMDxJXTlMua2V5c1pOUy5vYmplY3RzViRjbGFzc6INDoACgAOiEBGABIAFgAdccmVsYXRpdmVQYXRoWWFsaWFzRGF0YW8QbQAuAC4ALwAuAC4ALwAuAC4ALwAuAC4ALwBEAGUAcwBrAHQAbwBwAC8AZABhAHQAYQAvAHMAeQBuAGMALwBMAGkAdABlAHIAYQB0AHUAcgBlAC8AVwBvAHIAZABlAG4ATABlAHYAaQBuAF8AMgAwADAANwBfAEUAdgBvAGwAdQB0AGkAbwBuAGEAcgB5ACAAZQBzAGMAYQBwAGUAIABmAHIAbwBtACAAdABoAGUAIABwAHIAaQBzAG8AbgBlAHIgGQBzACAAZABpAGwAZQBtAG0AYQAuAHAAZABm0hcLGBlXTlMuZGF0YU8RAmgAAAAAAmgAAgAADE1hY2ludG9zaCBIRAAAAAAAAAAAAAAAAAAAAM6XudNIKwAAAA68MR9Xb3JkZW5MZXZpbl8yMDA3X0V2byNBQTNENzEucGRmAAAAAAAAAAAAAAAAAAAAAAAAAAAAAAAAAAAAAAAAAAAAqj1x0YgL/gAAAAAAAAAAAAQABQAACSAAAAAAAAAAAAAAAAAAAAAKTGl0ZXJhdHVyZQAQAAgAAM6Xq8MAAAARAAgAANGH794AAAABABgADrwxAA67uQAN7wQADca1AAxPPQACZI4AAgBbTWFjaW50b3NoIEhEOlVzZXJzOgBtaWNoYToARGVza3RvcDoAZGF0YToAc3luYzoATGl0ZXJhdHVyZToAV29yZGVuTGV2aW5fMjAwN19Fdm8jQUEzRDcxLnBkZgAADgCKAEQAVwBvAHIAZABlAG4ATABlAHYAaQBuAF8AMgAwADAANwBfAEUAdgBvAGwAdQB0AGkAbwBuAGEAcgB5ACAAZQBzAGMAYQBwAGUAIABmAHIAbwBtACAAdABoAGUAIABwAHIAaQBzAG8AbgBlAHIgGQBzACAAZABpAGwAZQBtAG0AYQAuAHAAZABmAA8AGgAMAE0AYQBjAGkAbgB0AG8AcwBoACAASABEABIAb1VzZXJzL21pY2hhL0Rlc2t0b3AvZGF0YS9zeW5jL0xpdGVyYXR1cmUvV29yZGVuTGV2aW5fMjAwN19Fdm9sdXRpb25hcnkgZXNjYXBlIGZyb20gdGhlIHByaXNvbmVy4oCZcyBkaWxlbW1hLnBkZgAAEwABLwAAFQACAAz//wAAgAbSGxwdHlokY2xhc3NuYW1lWCRjbGFzc2VzXU5TTXV0YWJsZURhdGGjHR8gVk5TRGF0YVhOU09iamVjdNIbHCIjXE5TRGljdGlvbmFyeaIiIF8QD05TS2V5ZWRBcmNoaXZlctEmJ1Ryb290gAEACAARABoAIwAtADIANwBAAEYATQBVAGAAZwBqAGwAbgBxAHMAdQB3AIQAjgFrAXABeAPkA+YD6wP2A/8EDQQRBBgEIQQmBDMENgRIBEsEUAAAAAAAAAIBAAAAAAAAACgAAAAAAAAAAAAAAAAAAARS}}


@article{McKenzie-AlexanderSkymrs2012:Inventing-New-S,
	Author = {Jason {McKenzie Alexander} and Brian Skyrms and Sandy L. Zabell},
	Journal = {Dynamic Games and Applications},
	Pages = {129--145},
	Title = {Inventing New Signals},
	Volume = {2},
	Year = {2012}}


@article{Savage1951:The-theory-of-s,
	Author = {Leonard Jimmie Savage},
	Date-Added = {2015-05-18 13:33:42 +0000},
	Date-Modified = {2015-05-18 14:58:27 +0000},
	Journal = {Journal of the American Statistical Association},
	Pages = {55--67},
	Title = {The theory of statistical decision},
	Volume = {46},
	Year = {1951},
	Bdsk-File-1 = {YnBsaXN0MDDUAQIDBAUGJCVYJHZlcnNpb25YJG9iamVjdHNZJGFyY2hpdmVyVCR0b3ASAAGGoKgHCBMUFRYaIVUkbnVsbNMJCgsMDxJXTlMua2V5c1pOUy5vYmplY3RzViRjbGFzc6INDoACgAOiEBGABIAFgAdccmVsYXRpdmVQYXRoWWFsaWFzRGF0YV8QWy4uLy4uLy4uLy4uL0Rlc2t0b3AvZGF0YS9zeW5jL0xpdGVyYXR1cmUvU2F2YWdlXzE5NTFfVGhlIHRoZW9yeSBvZiBzdGF0aXN0aWNhbCBkZWNpc2lvbi5wZGbSFwsYGVdOUy5kYXRhTxECMAAAAAACMAACAAAMTWFjaW50b3NoIEhEAAAAAAAAAAAAAAAAAAAAzpe500grAAAADrwxH1NhdmFnZV8xOTUxX1RoZSB0aGVvI0E4QjZGMy5wZGYAAAAAAAAAAAAAAAAAAAAAAAAAAAAAAAAAAAAAAAAAAACotvPRgdrEAAAAAAAAAAAABAAFAAAJIAAAAAAAAAAAAAAAAAAAAApMaXRlcmF0dXJlABAACAAAzperwwAAABEACAAA0YG+pAAAAAEAGAAOvDEADru5AA3vBAANxrUADE89AAJkjgACAFtNYWNpbnRvc2ggSEQ6VXNlcnM6AG1pY2hhOgBEZXNrdG9wOgBkYXRhOgBzeW5jOgBMaXRlcmF0dXJlOgBTYXZhZ2VfMTk1MV9UaGUgdGhlbyNBOEI2RjMucGRmAAAOAGYAMgBTAGEAdgBhAGcAZQBfADEAOQA1ADEAXwBUAGgAZQAgAHQAaABlAG8AcgB5ACAAbwBmACAAcwB0AGEAdABpAHMAdABpAGMAYQBsACAAZABlAGMAaQBzAGkAbwBuAC4AcABkAGYADwAaAAwATQBhAGMAaQBuAHQAbwBzAGgAIABIAEQAEgBbVXNlcnMvbWljaGEvRGVza3RvcC9kYXRhL3N5bmMvTGl0ZXJhdHVyZS9TYXZhZ2VfMTk1MV9UaGUgdGhlb3J5IG9mIHN0YXRpc3RpY2FsIGRlY2lzaW9uLnBkZgAAEwABLwAAFQACAAz//wAAgAbSGxwdHlokY2xhc3NuYW1lWCRjbGFzc2VzXU5TTXV0YWJsZURhdGGjHR8gVk5TRGF0YVhOU09iamVjdNIbHCIjXE5TRGljdGlvbmFyeaIiIF8QD05TS2V5ZWRBcmNoaXZlctEmJ1Ryb290gAEACAARABoAIwAtADIANwBAAEYATQBVAGAAZwBqAGwAbgBxAHMAdQB3AIQAjgDsAPEA+QMtAy8DNAM/A0gDVgNaA2EDagNvA3wDfwORA5QDmQAAAAAAAAIBAAAAAAAAACgAAAAAAAAAAAAAAAAAAAOb}}

@article{Anderson1991:Is-human-cognit,
	Author = {John R. Anderson},
	Date-Added = {2015-04-09 08:51:39 +0000},
	Date-Modified = {2015-04-09 08:56:24 +0000},
	Doi = {10.1017/S0140525X00070801},
	Journal = {Behavioral and Brain Sciences},
	Number = {3RA},
	Pages = {471--517},
	Title = {Is human cognition adaptive?},
	Volume = {14},
	Year = {1991},
	Bdsk-File-1 = {YnBsaXN0MDDUAQIDBAUGJCVYJHZlcnNpb25YJG9iamVjdHNZJGFyY2hpdmVyVCR0b3ASAAGGoKgHCBMUFRYaIVUkbnVsbNMJCgsMDxJXTlMua2V5c1pOUy5vYmplY3RzViRjbGFzc6INDoACgAOiEBGABIAFgAdccmVsYXRpdmVQYXRoWWFsaWFzRGF0YV8QVy4uLy4uLy4uLy4uL0Rlc2t0b3AvZGF0YS9zeW5jL0xpdGVyYXR1cmUvQW5kZXJzb25fMTk5MV9JcyBodW1hbiBjb2duaXRpb24gYWRhcHRpdmU/LnBkZtIXCxgZV05TLmRhdGFPEQIkAAAAAAIkAAIAAAxNYWNpbnRvc2ggSEQAAAAAAAAAAAAAAAAAAADOl7nTSCsAAAAOvDEfQW5kZXJzb25fMTk5MV9JcyBodW0jQTA3N0RBLnBkZgAAAAAAAAAAAAAAAAAAAAAAAAAAAAAAAAAAAAAAAAAAAKB32tFNJ/kAAAAAAAAAAAAEAAUAAAkgAAAAAAAAAAAAAAAAAAAACkxpdGVyYXR1cmUAEAAIAADOl6vDAAAAEQAIAADRTQvZAAAAAQAYAA68MQAOu7kADe8EAA3GtQAMTz0AAmSOAAIAW01hY2ludG9zaCBIRDpVc2VyczoAbWljaGE6AERlc2t0b3A6AGRhdGE6AHN5bmM6AExpdGVyYXR1cmU6AEFuZGVyc29uXzE5OTFfSXMgaHVtI0EwNzdEQS5wZGYAAA4AXgAuAEEAbgBkAGUAcgBzAG8AbgBfADEAOQA5ADEAXwBJAHMAIABoAHUAbQBhAG4AIABjAG8AZwBuAGkAdABpAG8AbgAgAGEAZABhAHAAdABpAHYAZQA/AC4AcABkAGYADwAaAAwATQBhAGMAaQBuAHQAbwBzAGgAIABIAEQAEgBXVXNlcnMvbWljaGEvRGVza3RvcC9kYXRhL3N5bmMvTGl0ZXJhdHVyZS9BbmRlcnNvbl8xOTkxX0lzIGh1bWFuIGNvZ25pdGlvbiBhZGFwdGl2ZT8ucGRmAAATAAEvAAAVAAIADP//AACABtIbHB0eWiRjbGFzc25hbWVYJGNsYXNzZXNdTlNNdXRhYmxlRGF0YaMdHyBWTlNEYXRhWE5TT2JqZWN00hscIiNcTlNEaWN0aW9uYXJ5oiIgXxAPTlNLZXllZEFyY2hpdmVy0SYnVHJvb3SAAQAIABEAGgAjAC0AMgA3AEAARgBNAFUAYABnAGoAbABuAHEAcwB1AHcAhACOAOgA7QD1Ax0DHwMkAy8DOANGA0oDUQNaA18DbANvA4EDhAOJAAAAAAAAAgEAAAAAAAAAKAAAAAAAAAAAAAAAAAAAA4s=}}

@incollection{HammersteinStevens2012:Six-Reasons-for,
	Author = {Peter Hammerstein and Jeffrey R. Stevens},
	Booktitle = {Evolution and the Mechanisms of Decision Making},
	Date-Added = {2015-05-21 10:21:42 +0000},
	Date-Modified = {2015-06-29 08:53:09 +0000},
	Editor = {Peter Hammerstein and Jeffrey R. Stevens},
	Pages = {1--17},
	Publisher = {MIT Press},
	Title = {Six Reasons for Invoking Evolution in Decision Theory},
	Year = {2012},
	Bdsk-File-1 = {YnBsaXN0MDDUAQIDBAUGJCVYJHZlcnNpb25YJG9iamVjdHNZJGFyY2hpdmVyVCR0b3ASAAGGoKgHCBMUFRYaIVUkbnVsbNMJCgsMDxJXTlMua2V5c1pOUy5vYmplY3RzViRjbGFzc6INDoACgAOiEBGABIAFgAdccmVsYXRpdmVQYXRoWWFsaWFzRGF0YV8Qei4uLy4uLy4uLy4uL0Rlc2t0b3AvZGF0YS9zeW5jL0xpdGVyYXR1cmUvSGFtbWVyc3RlaW5TdGV2ZW5zXzIwMTJfU2l4IFJlYXNvbnMgZm9yIEludm9raW5nIEV2b2x1dGlvbiBpbiBEZWNpc2lvbiBUaGVvcnkucGRm0hcLGBlXTlMuZGF0YU8RAowAAAAAAowAAgAADE1hY2ludG9zaCBIRAAAAAAAAAAAAAAAAAAAAM6XudNIKwAAAA68MR9IYW1tZXJzdGVpblN0ZXZlbnNfMiNBQTNENkYucGRmAAAAAAAAAAAAAAAAAAAAAAAAAAAAAAAAAAAAAAAAAAAAqj1v0YgL/gAAAAAAAAAAAAQABQAACSAAAAAAAAAAAAAAAAAAAAAKTGl0ZXJhdHVyZQAQAAgAAM6Xq8MAAAARAAgAANGH794AAAABABgADrwxAA67uQAN7wQADca1AAxPPQACZI4AAgBbTWFjaW50b3NoIEhEOlVzZXJzOgBtaWNoYToARGVza3RvcDoAZGF0YToAc3luYzoATGl0ZXJhdHVyZToASGFtbWVyc3RlaW5TdGV2ZW5zXzIjQUEzRDZGLnBkZgAADgCkAFEASABhAG0AbQBlAHIAcwB0AGUAaQBuAFMAdABlAHYAZQBuAHMAXwAyADAAMQAyAF8AUwBpAHgAIABSAGUAYQBzAG8AbgBzACAAZgBvAHIAIABJAG4AdgBvAGsAaQBuAGcAIABFAHYAbwBsAHUAdABpAG8AbgAgAGkAbgAgAEQAZQBjAGkAcwBpAG8AbgAgAFQAaABlAG8AcgB5AC4AcABkAGYADwAaAAwATQBhAGMAaQBuAHQAbwBzAGgAIABIAEQAEgB6VXNlcnMvbWljaGEvRGVza3RvcC9kYXRhL3N5bmMvTGl0ZXJhdHVyZS9IYW1tZXJzdGVpblN0ZXZlbnNfMjAxMl9TaXggUmVhc29ucyBmb3IgSW52b2tpbmcgRXZvbHV0aW9uIGluIERlY2lzaW9uIFRoZW9yeS5wZGYAEwABLwAAFQACAAz//wAAgAbSGxwdHlokY2xhc3NuYW1lWCRjbGFzc2VzXU5TTXV0YWJsZURhdGGjHR8gVk5TRGF0YVhOU09iamVjdNIbHCIjXE5TRGljdGlvbmFyeaIiIF8QD05TS2V5ZWRBcmNoaXZlctEmJ1Ryb290gAEACAARABoAIwAtADIANwBAAEYATQBVAGAAZwBqAGwAbgBxAHMAdQB3AIQAjgELARABGAOoA6oDrwO6A8MD0QPVA9wD5QPqA/cD+gQMBA8EFAAAAAAAAAIBAAAAAAAAACgAAAAAAAAAAAAAAAAAAAQW}}

@article{ZollmanSmead2010:Plasticity-and-,
	Author = {Kevin J. S. Zollman and Rory Smead},
	Date-Added = {2013-09-14 08:47:01 +0000},
	Date-Modified = {2013-09-14 08:48:12 +0000},
	Doi = {10.1007/s11098-009-9447-x},
	Journal = {Philosophical Studies},
	Number = {1},
	Pages = {7--21},
	Title = {Plasticity and Language: {A}n Example of the {B}aldwin Effect?},
	Volume = {147},
	Year = {2010},
	Bdsk-File-1 = {YnBsaXN0MDDUAQIDBAUGJCVYJHZlcnNpb25YJG9iamVjdHNZJGFyY2hpdmVyVCR0b3ASAAGGoKgHCBMUFRYaIVUkbnVsbNMJCgsMDxJXTlMua2V5c1pOUy5vYmplY3RzViRjbGFzc6INDoACgAOiEBGABIAFgAdccmVsYXRpdmVQYXRoWWFsaWFzRGF0YV8QeC4uLy4uLy4uLy4uL0Rlc2t0b3AvZGF0YS9zeW5jL0xpdGVyYXR1cmUvWm9sbG1hblNtZWFkXzIwMTBfUGxhc3RpY2l0eSBhbmQgTGFuZ3VhZ2UgQW4gRXhhbXBsZSBvZiB0aGUgQmFsZHdpbiBFZmZlY3Q/LnBkZtIXCxgZV05TLmRhdGFPEQKGAAAAAAKGAAIAAAxNYWNpbnRvc2ggSEQAAAAAAAAAAAAAAAAAAADOl7nTSCsAAAAOvDEfWm9sbG1hblNtZWFkXzIwMTBfUGxhI0VDMDhCLnBkZgAAAAAAAAAAAAAAAAAAAAAAAAAAAAAAAAAAAAAAAAAAAA7Ai85Z73UAAAAAAAAAAAAEAAUAAAkgAAAAAAAAAAAAAAAAAAAACkxpdGVyYXR1cmUAEAAIAADOl6vDAAAAEQAIAADOWdNVAAAAAQAYAA68MQAOu7kADe8EAA3GtQAMTz0AAmSOAAIAW01hY2ludG9zaCBIRDpVc2VyczoAbWljaGE6AERlc2t0b3A6AGRhdGE6AHN5bmM6AExpdGVyYXR1cmU6AFpvbGxtYW5TbWVhZF8yMDEwX1BsYSNFQzA4Qi5wZGYAAA4AoABPAFoAbwBsAGwAbQBhAG4AUwBtAGUAYQBkAF8AMgAwADEAMABfAFAAbABhAHMAdABpAGMAaQB0AHkAIABhAG4AZAAgAEwAYQBuAGcAdQBhAGcAZQAgAEEAbgAgAEUAeABhAG0AcABsAGUAIABvAGYAIAB0AGgAZQAgAEIAYQBsAGQAdwBpAG4AIABFAGYAZgBlAGMAdAA/AC4AcABkAGYADwAaAAwATQBhAGMAaQBuAHQAbwBzAGgAIABIAEQAEgB4VXNlcnMvbWljaGEvRGVza3RvcC9kYXRhL3N5bmMvTGl0ZXJhdHVyZS9ab2xsbWFuU21lYWRfMjAxMF9QbGFzdGljaXR5IGFuZCBMYW5ndWFnZSBBbiBFeGFtcGxlIG9mIHRoZSBCYWxkd2luIEVmZmVjdD8ucGRmABMAAS8AABUAAgAM//8AAIAG0hscHR5aJGNsYXNzbmFtZVgkY2xhc3Nlc11OU011dGFibGVEYXRhox0fIFZOU0RhdGFYTlNPYmplY3TSGxwiI1xOU0RpY3Rpb25hcnmiIiBfEA9OU0tleWVkQXJjaGl2ZXLRJidUcm9vdIABAAgAEQAaACMALQAyADcAQABGAE0AVQBgAGcAagBsAG4AcQBzAHUAdwCEAI4BCQEOARYDoAOiA6cDsgO7A8kDzQPUA90D4gPvA/IEBAQHBAwAAAAAAAACAQAAAAAAAAAoAAAAAAAAAAAAAAAAAAAEDg==}}

@article{GigerenzerGoldstein1996:Reasoning-the-F,
	Author = {Gerd Gigerenzer and Daniel G. Goldstein},
	Date-Added = {2015-02-20 08:19:19 +0000},
	Date-Modified = {2015-02-20 08:19:19 +0000},
	Journal = {Psychological Review},
	Number = {4},
	Pages = {650--669},
	Title = {Reasoning the Fast and Frugal Way: {M}odels of Bounded Rationality},
	Volume = {103},
	Year = {1996},
	Bdsk-File-1 = {YnBsaXN0MDDUAQIDBAUGJCVYJHZlcnNpb25YJG9iamVjdHNZJGFyY2hpdmVyVCR0b3ASAAGGoKgHCBMUFRYaIVUkbnVsbNMJCgsMDxJXTlMua2V5c1pOUy5vYmplY3RzViRjbGFzc6INDoACgAOiEBGABIAFgAdccmVsYXRpdmVQYXRoWWFsaWFzRGF0YV8QhS4uLy4uLy4uLy4uL0Rlc2t0b3AvZGF0YS9zeW5jL0xpdGVyYXR1cmUvR2lnZXJlbnplckdvbGRzdGVpbl8xOTk2X1JlYXNvbmluZyB0aGUgRmFzdCBhbmQgRnJ1Z2FsIFdheSBNb2RlbHMgb2YgQm91bmRlZCBSYXRpb25hbGl0eS5wZGbSFwsYGVdOUy5kYXRhTxECrgAAAAACrgACAAAMTWFjaW50b3NoIEhEAAAAAAAAAAAAAAAAAAAAzpe500grAAAADrwxH0dpZ2VyZW56ZXJHb2xkc3RlaW5fIzkxNDZCNC5wZGYAAAAAAAAAAAAAAAAAAAAAAAAAAAAAAAAAAAAAAAAAAACRRrTRDo+yAAAAAAAAAAAABAAFAAAJIAAAAAAAAAAAAAAAAAAAAApMaXRlcmF0dXJlABAACAAAzperwwAAABEACAAA0Q6BogAAAAEAGAAOvDEADru5AA3vBAANxrUADE89AAJkjgACAFtNYWNpbnRvc2ggSEQ6VXNlcnM6AG1pY2hhOgBEZXNrdG9wOgBkYXRhOgBzeW5jOgBMaXRlcmF0dXJlOgBHaWdlcmVuemVyR29sZHN0ZWluXyM5MTQ2QjQucGRmAAAOALoAXABHAGkAZwBlAHIAZQBuAHoAZQByAEcAbwBsAGQAcwB0AGUAaQBuAF8AMQA5ADkANgBfAFIAZQBhAHMAbwBuAGkAbgBnACAAdABoAGUAIABGAGEAcwB0ACAAYQBuAGQAIABGAHIAdQBnAGEAbAAgAFcAYQB5ACAATQBvAGQAZQBsAHMAIABvAGYAIABCAG8AdQBuAGQAZQBkACAAUgBhAHQAaQBvAG4AYQBsAGkAdAB5AC4AcABkAGYADwAaAAwATQBhAGMAaQBuAHQAbwBzAGgAIABIAEQAEgCFVXNlcnMvbWljaGEvRGVza3RvcC9kYXRhL3N5bmMvTGl0ZXJhdHVyZS9HaWdlcmVuemVyR29sZHN0ZWluXzE5OTZfUmVhc29uaW5nIHRoZSBGYXN0IGFuZCBGcnVnYWwgV2F5IE1vZGVscyBvZiBCb3VuZGVkIFJhdGlvbmFsaXR5LnBkZgAAEwABLwAAFQACAAz//wAAgAbSGxwdHlokY2xhc3NuYW1lWCRjbGFzc2VzXU5TTXV0YWJsZURhdGGjHR8gVk5TRGF0YVhOU09iamVjdNIbHCIjXE5TRGljdGlvbmFyeaIiIF8QD05TS2V5ZWRBcmNoaXZlctEmJ1Ryb290gAEACAARABoAIwAtADIANwBAAEYATQBVAGAAZwBqAGwAbgBxAHMAdQB3AIQAjgEWARsBIwPVA9cD3APnA/AD/gQCBAkEEgQXBCQEJwQ5BDwEQQAAAAAAAAIBAAAAAAAAACgAAAAAAAAAAAAAAAAAAARD}}

@book{Neumannvon-NeumannMorgenstern1944:Theory-of-Games,
	Address = {Princeton, New Jersey},
	Author = {{\SortNoop{Neumann}}{von Neumann}, John and Oskar Morgenstern},
	Date-Added = {2015-09-15 11:33:33 +0000},
	Date-Modified = {2015-09-15 11:34:42 +0000},
	Publisher = {Princeton University Press},
	Title = {Theory of Games and Economic Behavior},
	Year = {1944}}

@incollection{HagenChater2012:Decision-Making,
	Address = {Cambridge, MA},
	Author = {Edward H. Hagen and Nick Chater and Charles R. Gallistel and Alasdair Houston and Alex Kacelnik and Tobias Kalenscher and Daniel Nettle and Danny Oppenheimer and David W. Stephens},
	Booktitle = {Evolution and the Mechanisms of Decision Making},
	Date-Added = {2015-06-29 08:51:55 +0000},
	Date-Modified = {2015-06-29 08:53:55 +0000},
	Editor = {Peter Hammerstein and Jeffrey R. Stevens},
	Pages = {97--126},
	Publisher = {MIT Press},
	Title = {Decision Making: {W}hat Can Evolution Do for Us?},
	Year = {2012},
	Bdsk-File-1 = {YnBsaXN0MDDUAQIDBAUGJCVYJHZlcnNpb25YJG9iamVjdHNZJGFyY2hpdmVyVCR0b3ASAAGGoKgHCBMUFRYaIVUkbnVsbNMJCgsMDxJXTlMua2V5c1pOUy5vYmplY3RzViRjbGFzc6INDoACgAOiEBGABIAFgAdccmVsYXRpdmVQYXRoWWFsaWFzRGF0YV8Qay4uLy4uLy4uLy4uL0Rlc2t0b3AvZGF0YS9zeW5jL0xpdGVyYXR1cmUvSGFnZW5DaGF0ZXJfMjAxMl9EZWNpc2lvbiBNYWtpbmcgV2hhdCBDYW4gRXZvbHV0aW9uIERvIGZvciBVcz8ucGRm0hcLGBlXTlMuZGF0YU8RAmAAAAAAAmAAAgAADE1hY2ludG9zaCBIRAAAAAAAAAAAAAAAAAAAAM6XudNIKwAAAA68MR9IYWdlbkNoYXRlcl8yMDEyX0RlYyNCMkIwN0QucGRmAAAAAAAAAAAAAAAAAAAAAAAAAAAAAAAAAAAAAAAAAAAAsrB90blgTgAAAAAAAAAAAAQABQAACSAAAAAAAAAAAAAAAAAAAAAKTGl0ZXJhdHVyZQAQAAgAAM6Xq8MAAAARAAgAANG5RC4AAAABABgADrwxAA67uQAN7wQADca1AAxPPQACZI4AAgBbTWFjaW50b3NoIEhEOlVzZXJzOgBtaWNoYToARGVza3RvcDoAZGF0YToAc3luYzoATGl0ZXJhdHVyZToASGFnZW5DaGF0ZXJfMjAxMl9EZWMjQjJCMDdELnBkZgAADgCGAEIASABhAGcAZQBuAEMAaABhAHQAZQByAF8AMgAwADEAMgBfAEQAZQBjAGkAcwBpAG8AbgAgAE0AYQBrAGkAbgBnACAAVwBoAGEAdAAgAEMAYQBuACAARQB2AG8AbAB1AHQAaQBvAG4AIABEAG8AIABmAG8AcgAgAFUAcwA/AC4AcABkAGYADwAaAAwATQBhAGMAaQBuAHQAbwBzAGgAIABIAEQAEgBrVXNlcnMvbWljaGEvRGVza3RvcC9kYXRhL3N5bmMvTGl0ZXJhdHVyZS9IYWdlbkNoYXRlcl8yMDEyX0RlY2lzaW9uIE1ha2luZyBXaGF0IENhbiBFdm9sdXRpb24gRG8gZm9yIFVzPy5wZGYAABMAAS8AABUAAgAM//8AAIAG0hscHR5aJGNsYXNzbmFtZVgkY2xhc3Nlc11OU011dGFibGVEYXRhox0fIFZOU0RhdGFYTlNPYmplY3TSGxwiI1xOU0RpY3Rpb25hcnmiIiBfEA9OU0tleWVkQXJjaGl2ZXLRJidUcm9vdIABAAgAEQAaACMALQAyADcAQABGAE0AVQBgAGcAagBsAG4AcQBzAHUAdwCEAI4A/AEBAQkDbQNvA3QDfwOIA5YDmgOhA6oDrwO8A78D0QPUA9kAAAAAAAACAQAAAAAAAAAoAAAAAAAAAAAAAAAAAAAD2w==}}

@article{FawcettHamblin2013:Exposing-the-be,
	Author = {Tim W. Fawcett and Steven Hamblin and Luc-Alain Giraldeaub},
	Date-Added = {2015-05-21 10:12:46 +0000},
	Date-Modified = {2015-05-21 10:13:58 +0000},
	Doi = {10.1093/beheco/ars085},
	Journal = {Behavioral Ecology},
	Number = {1},
	Pages = {2--11},
	Title = {Exposing the behavioral gambit: the evolution of learning and decision rules},
	Volume = {24},
	Year = {2013},
	Bdsk-File-1 = {YnBsaXN0MDDUAQIDBAUGJCVYJHZlcnNpb25YJG9iamVjdHNZJGFyY2hpdmVyVCR0b3ASAAGGoKgHCBMUFRYaIVUkbnVsbNMJCgsMDxJXTlMua2V5c1pOUy5vYmplY3RzViRjbGFzc6INDoACgAOiEBGABIAFgAdccmVsYXRpdmVQYXRoWWFsaWFzRGF0YV8QjC4uLy4uLy4uLy4uL0Rlc2t0b3AvZGF0YS9zeW5jL0xpdGVyYXR1cmUvRmF3Y2V0dEhhbWJsaW5fMjAxM19FeHBvc2luZyB0aGUgYmVoYXZpb3JhbCBnYW1iaXQgdGhlIGV2b2x1dGlvbiBvZiBsZWFybmluZyBhbmQgZGVjaXNpb24gcnVsZXMucGRm0hcLGBlXTlMuZGF0YU8RAsIAAAAAAsIAAgAADE1hY2ludG9zaCBIRAAAAAAAAAAAAAAAAAAAAM6XudNIKwAAAA68MR9GYXdjZXR0SGFtYmxpbl8yMDEzXyNBQTNENkUucGRmAAAAAAAAAAAAAAAAAAAAAAAAAAAAAAAAAAAAAAAAAAAAqj1u0YgL/gAAAAAAAAAAAAQABQAACSAAAAAAAAAAAAAAAAAAAAAKTGl0ZXJhdHVyZQAQAAgAAM6Xq8MAAAARAAgAANGH794AAAABABgADrwxAA67uQAN7wQADca1AAxPPQACZI4AAgBbTWFjaW50b3NoIEhEOlVzZXJzOgBtaWNoYToARGVza3RvcDoAZGF0YToAc3luYzoATGl0ZXJhdHVyZToARmF3Y2V0dEhhbWJsaW5fMjAxM18jQUEzRDZFLnBkZgAADgDIAGMARgBhAHcAYwBlAHQAdABIAGEAbQBiAGwAaQBuAF8AMgAwADEAMwBfAEUAeABwAG8AcwBpAG4AZwAgAHQAaABlACAAYgBlAGgAYQB2AGkAbwByAGEAbAAgAGcAYQBtAGIAaQB0ACAAdABoAGUAIABlAHYAbwBsAHUAdABpAG8AbgAgAG8AZgAgAGwAZQBhAHIAbgBpAG4AZwAgAGEAbgBkACAAZABlAGMAaQBzAGkAbwBuACAAcgB1AGwAZQBzAC4AcABkAGYADwAaAAwATQBhAGMAaQBuAHQAbwBzAGgAIABIAEQAEgCMVXNlcnMvbWljaGEvRGVza3RvcC9kYXRhL3N5bmMvTGl0ZXJhdHVyZS9GYXdjZXR0SGFtYmxpbl8yMDEzX0V4cG9zaW5nIHRoZSBiZWhhdmlvcmFsIGdhbWJpdCB0aGUgZXZvbHV0aW9uIG9mIGxlYXJuaW5nIGFuZCBkZWNpc2lvbiBydWxlcy5wZGYAEwABLwAAFQACAAz//wAAgAbSGxwdHlokY2xhc3NuYW1lWCRjbGFzc2VzXU5TTXV0YWJsZURhdGGjHR8gVk5TRGF0YVhOU09iamVjdNIbHCIjXE5TRGljdGlvbmFyeaIiIF8QD05TS2V5ZWRBcmNoaXZlctEmJ1Ryb290gAEACAARABoAIwAtADIANwBAAEYATQBVAGAAZwBqAGwAbgBxAHMAdQB3AIQAjgEdASIBKgPwA/ID9wQCBAsEGQQdBCQELQQyBD8EQgRUBFcEXAAAAAAAAAIBAAAAAAAAACgAAAAAAAAAAAAAAAAAAARe}}

@article{McNamara2013:Towards-a-Riche,
	Author = {John M. McNamara},
	Date-Added = {2015-05-21 10:14:47 +0000},
	Date-Modified = {2015-05-21 10:17:57 +0000},
	Doi = {10.1098/rsif.2013.0544},
	Journal = {Journal of The Royal Society Interface},
	Keywords = {strategy, variation, decision process, mechanism, flexibility},
	Number = {88},
	Pages = {1--9},
	Title = {Towards a Richer Evolutionary Game Theory},
	Volume = {10},
	Year = {2013},
	Bdsk-File-1 = {YnBsaXN0MDDUAQIDBAUGJCVYJHZlcnNpb25YJG9iamVjdHNZJGFyY2hpdmVyVCR0b3ASAAGGoKgHCBMUFRYaIVUkbnVsbNMJCgsMDxJXTlMua2V5c1pOUy5vYmplY3RzViRjbGFzc6INDoACgAOiEBGABIAFgAdccmVsYXRpdmVQYXRoWWFsaWFzRGF0YV8QZC4uLy4uLy4uLy4uL0Rlc2t0b3AvZGF0YS9zeW5jL0xpdGVyYXR1cmUvTWNOYW1hcmFfMjAxM19Ub3dhcmRzIGEgUmljaGVyIEV2b2x1dGlvbmFyeSBHYW1lIFRoZW9yeS5wZGbSFwsYGVdOUy5kYXRhTxECSgAAAAACSgACAAAMTWFjaW50b3NoIEhEAAAAAAAAAAAAAAAAAAAAzpe500grAAAADrwxH01jTmFtYXJhXzIwMTNfVG93YXJkI0FBM0Q3MC5wZGYAAAAAAAAAAAAAAAAAAAAAAAAAAAAAAAAAAAAAAAAAAACqPXDRiAv+AAAAAAAAAAAABAAFAAAJIAAAAAAAAAAAAAAAAAAAAApMaXRlcmF0dXJlABAACAAAzperwwAAABEACAAA0Yfv3gAAAAEAGAAOvDEADru5AA3vBAANxrUADE89AAJkjgACAFtNYWNpbnRvc2ggSEQ6VXNlcnM6AG1pY2hhOgBEZXNrdG9wOgBkYXRhOgBzeW5jOgBMaXRlcmF0dXJlOgBNY05hbWFyYV8yMDEzX1Rvd2FyZCNBQTNENzAucGRmAAAOAHgAOwBNAGMATgBhAG0AYQByAGEAXwAyADAAMQAzAF8AVABvAHcAYQByAGQAcwAgAGEAIABSAGkAYwBoAGUAcgAgAEUAdgBvAGwAdQB0AGkAbwBuAGEAcgB5ACAARwBhAG0AZQAgAFQAaABlAG8AcgB5AC4AcABkAGYADwAaAAwATQBhAGMAaQBuAHQAbwBzAGgAIABIAEQAEgBkVXNlcnMvbWljaGEvRGVza3RvcC9kYXRhL3N5bmMvTGl0ZXJhdHVyZS9NY05hbWFyYV8yMDEzX1Rvd2FyZHMgYSBSaWNoZXIgRXZvbHV0aW9uYXJ5IEdhbWUgVGhlb3J5LnBkZgATAAEvAAAVAAIADP//AACABtIbHB0eWiRjbGFzc25hbWVYJGNsYXNzZXNdTlNNdXRhYmxlRGF0YaMdHyBWTlNEYXRhWE5TT2JqZWN00hscIiNcTlNEaWN0aW9uYXJ5oiIgXxAPTlNLZXllZEFyY2hpdmVy0SYnVHJvb3SAAQAIABEAGgAjAC0AMgA3AEAARgBNAFUAYABnAGoAbABuAHEAcwB1AHcAhACOAPUA+gECA1ADUgNXA2IDawN5A30DhAONA5IDnwOiA7QDtwO8AAAAAAAAAgEAAAAAAAAAKAAAAAAAAAAAAAAAAAAAA74=}}

@unpublished{SmeadZollman2013:The-Stability-o,
	Author = {Rory Smead and Kevin J. S. Zollman},
	Date-Added = {2015-01-07 11:14:05 +0000},
	Date-Modified = {2015-01-07 11:14:52 +0000},
	Note = {Unpublished manuscript},
	Title = {The Stability of Strategic Plasticity},
	Year = {2013},
	Bdsk-File-1 = {YnBsaXN0MDDUAQIDBAUGJCVYJHZlcnNpb25YJG9iamVjdHNZJGFyY2hpdmVyVCR0b3ASAAGGoKgHCBMUFRYaIVUkbnVsbNMJCgsMDxJXTlMua2V5c1pOUy5vYmplY3RzViRjbGFzc6INDoACgAOiEBGABIAFgAdccmVsYXRpdmVQYXRoWWFsaWFzRGF0YV8QZC4uLy4uLy4uLy4uL0Rlc2t0b3AvZGF0YS9zeW5jL0xpdGVyYXR1cmUvU21lYWRab2xsbWFuXzIwMTNfVGhlIFN0YWJpbGl0eSBvZiBTdHJhdGVnaWMgUGxhc3RpY2l0eS5wZGbSFwsYGVdOUy5kYXRhTxECSgAAAAACSgACAAAMTWFjaW50b3NoIEhEAAAAAAAAAAAAAAAAAAAAzpe500grAAAADrwxH1NtZWFkWm9sbG1hbl8yMDEzX1RoIzg3RUUzQy5wZGYAAAAAAAAAAAAAAAAAAAAAAAAAAAAAAAAAAAAAAAAAAACH7jzQ2eisAAAAAAAAAAAABAAFAAAJIAAAAAAAAAAAAAAAAAAAAApMaXRlcmF0dXJlABAACAAAzperwwAAABEACAAA0NnanAAAAAEAGAAOvDEADru5AA3vBAANxrUADE89AAJkjgACAFtNYWNpbnRvc2ggSEQ6VXNlcnM6AG1pY2hhOgBEZXNrdG9wOgBkYXRhOgBzeW5jOgBMaXRlcmF0dXJlOgBTbWVhZFpvbGxtYW5fMjAxM19UaCM4N0VFM0MucGRmAAAOAHgAOwBTAG0AZQBhAGQAWgBvAGwAbABtAGEAbgBfADIAMAAxADMAXwBUAGgAZQAgAFMAdABhAGIAaQBsAGkAdAB5ACAAbwBmACAAUwB0AHIAYQB0AGUAZwBpAGMAIABQAGwAYQBzAHQAaQBjAGkAdAB5AC4AcABkAGYADwAaAAwATQBhAGMAaQBuAHQAbwBzAGgAIABIAEQAEgBkVXNlcnMvbWljaGEvRGVza3RvcC9kYXRhL3N5bmMvTGl0ZXJhdHVyZS9TbWVhZFpvbGxtYW5fMjAxM19UaGUgU3RhYmlsaXR5IG9mIFN0cmF0ZWdpYyBQbGFzdGljaXR5LnBkZgATAAEvAAAVAAIADP//AACABtIbHB0eWiRjbGFzc25hbWVYJGNsYXNzZXNdTlNNdXRhYmxlRGF0YaMdHyBWTlNEYXRhWE5TT2JqZWN00hscIiNcTlNEaWN0aW9uYXJ5oiIgXxAPTlNLZXllZEFyY2hpdmVy0SYnVHJvb3SAAQAIABEAGgAjAC0AMgA3AEAARgBNAFUAYABnAGoAbABuAHEAcwB1AHcAhACOAPUA+gECA1ADUgNXA2IDawN5A30DhAONA5IDnwOiA7QDtwO8AAAAAAAAAgEAAAAAAAAAKAAAAAAAAAAAAAAAAAAAA74=}}

@book{Anderson1990:The-Adaptive-Ch,
	Address = {Hillsdale, NJ},
	Author = {John R. Anderson},
	Date-Added = {2014-11-07 09:52:53 +0000},
	Date-Modified = {2014-11-07 09:53:36 +0000},
	Publisher = {Lawrence Erlbaum},
	Title = {The Adaptive Character of Thought},
	Year = {1990}}

@article{TaylorJonker1978:Evolutionary-St,
	Author = {Peter D. Taylor and Leo B. Jonker},
	Date-Added = {2011-01-04 12:28:03 +0100},
	Date-Modified = {2011-01-04 12:29:10 +0100},
	Journal = {Mathematical Bioscience},
	Number = {1--2},
	Pages = {145--156},
	Title = {Evolutionary Stable Strategies and Game Dynamics},
	Volume = {40},
	Year = {1978},
	Bdsk-File-1 = {YnBsaXN0MDDUAQIDBAUGJCVYJHZlcnNpb25YJG9iamVjdHNZJGFyY2hpdmVyVCR0b3ASAAGGoKgHCBMUFRYaIVUkbnVsbNMJCgsMDxJXTlMua2V5c1pOUy5vYmplY3RzViRjbGFzc6INDoACgAOiEBGABIAFgAdccmVsYXRpdmVQYXRoWWFsaWFzRGF0YV8Qby4uLy4uLy4uLy4uL0Rlc2t0b3AvZGF0YS9zeW5jL0xpdGVyYXR1cmUvVGF5bG9ySm9ua2VyXzE5NzhfRXZvbHV0aW9uYXJ5IFN0YWJsZSBTdHJhdGVnaWVzIGFuZCBHYW1lIER5bmFtaWNzLnBkZtIXCxgZV05TLmRhdGFPEQJsAAAAAAJsAAIAAAxNYWNpbnRvc2ggSEQAAAAAAAAAAAAAAAAAAADOl7nTSCsAAAAOvDEfVGF5bG9ySm9ua2VyXzE5NzhfRXZvI0VDMDRFLnBkZgAAAAAAAAAAAAAAAAAAAAAAAAAAAAAAAAAAAAAAAAAAAA7ATslIwxwAAAAAAAAAAAAEAAUAAAkgAAAAAAAAAAAAAAAAAAAACkxpdGVyYXR1cmUAEAAIAADOl6vDAAAAEQAIAADJSLUMAAAAAQAYAA68MQAOu7kADe8EAA3GtQAMTz0AAmSOAAIAW01hY2ludG9zaCBIRDpVc2VyczoAbWljaGE6AERlc2t0b3A6AGRhdGE6AHN5bmM6AExpdGVyYXR1cmU6AFRheWxvckpvbmtlcl8xOTc4X0V2byNFQzA0RS5wZGYAAA4AjgBGAFQAYQB5AGwAbwByAEoAbwBuAGsAZQByAF8AMQA5ADcAOABfAEUAdgBvAGwAdQB0AGkAbwBuAGEAcgB5ACAAUwB0AGEAYgBsAGUAIABTAHQAcgBhAHQAZQBnAGkAZQBzACAAYQBuAGQAIABHAGEAbQBlACAARAB5AG4AYQBtAGkAYwBzAC4AcABkAGYADwAaAAwATQBhAGMAaQBuAHQAbwBzAGgAIABIAEQAEgBvVXNlcnMvbWljaGEvRGVza3RvcC9kYXRhL3N5bmMvTGl0ZXJhdHVyZS9UYXlsb3JKb25rZXJfMTk3OF9Fdm9sdXRpb25hcnkgU3RhYmxlIFN0cmF0ZWdpZXMgYW5kIEdhbWUgRHluYW1pY3MucGRmAAATAAEvAAAVAAIADP//AACABtIbHB0eWiRjbGFzc25hbWVYJGNsYXNzZXNdTlNNdXRhYmxlRGF0YaMdHyBWTlNEYXRhWE5TT2JqZWN00hscIiNcTlNEaWN0aW9uYXJ5oiIgXxAPTlNLZXllZEFyY2hpdmVy0SYnVHJvb3SAAQAIABEAGgAjAC0AMgA3AEAARgBNAFUAYABnAGoAbABuAHEAcwB1AHcAhACOAQABBQENA30DfwOEA48DmAOmA6oDsQO6A78DzAPPA+ED5APpAAAAAAAAAgEAAAAAAAAAKAAAAAAAAAAAAAAAAAAAA+s=}}

@article{ScheibehenneRieskamp2013:Testing-the-Ada,
	Author = {Benjamin Scheibehenne and J\"{o}rg Rieskamp and Eric-Jan Wagenmakers},
	Date-Added = {2015-02-20 08:20:29 +0000},
	Date-Modified = {2015-02-20 08:21:40 +0000},
	Doi = {10.1037/a0030777},
	Journal = {Philosophical Review},
	Number = {1},
	Pages = {39--64},
	Title = {Testing the Adaptive Toolbox Models: {A} Bayesian Hierarchical Approach},
	Volume = {120},
	Year = {2013},
	Bdsk-File-1 = {YnBsaXN0MDDUAQIDBAUGJCVYJHZlcnNpb25YJG9iamVjdHNZJGFyY2hpdmVyVCR0b3ASAAGGoKgHCBMUFRYaIVUkbnVsbNMJCgsMDxJXTlMua2V5c1pOUy5vYmplY3RzViRjbGFzc6INDoACgAOiEBGABIAFgAdccmVsYXRpdmVQYXRoWWFsaWFzRGF0YV8Qiy4uLy4uLy4uLy4uL0Rlc2t0b3AvZGF0YS9zeW5jL0xpdGVyYXR1cmUvU2NoZWliZWhlbm5lUmllc2thbXBfMjAxM19UZXN0aW5nIHRoZSBBZGFwdGl2ZSBUb29sYm94IE1vZGVscyBBIEJheWVzaWFuIEhpZXJhcmNoaWNhbCBBcHByb2FjaC5wZGbSFwsYGVdOUy5kYXRhTxECwAAAAAACwAACAAAMTWFjaW50b3NoIEhEAAAAAAAAAAAAAAAAAAAAzpe500grAAAADrwxH1NjaGVpYmVoZW5uZVJpZXNrYW1wIzkxNDZCNi5wZGYAAAAAAAAAAAAAAAAAAAAAAAAAAAAAAAAAAAAAAAAAAACRRrbRDo+yAAAAAAAAAAAABAAFAAAJIAAAAAAAAAAAAAAAAAAAAApMaXRlcmF0dXJlABAACAAAzperwwAAABEACAAA0Q6BogAAAAEAGAAOvDEADru5AA3vBAANxrUADE89AAJkjgACAFtNYWNpbnRvc2ggSEQ6VXNlcnM6AG1pY2hhOgBEZXNrdG9wOgBkYXRhOgBzeW5jOgBMaXRlcmF0dXJlOgBTY2hlaWJlaGVubmVSaWVza2FtcCM5MTQ2QjYucGRmAAAOAMYAYgBTAGMAaABlAGkAYgBlAGgAZQBuAG4AZQBSAGkAZQBzAGsAYQBtAHAAXwAyADAAMQAzAF8AVABlAHMAdABpAG4AZwAgAHQAaABlACAAQQBkAGEAcAB0AGkAdgBlACAAVABvAG8AbABiAG8AeAAgAE0AbwBkAGUAbABzACAAQQAgAEIAYQB5AGUAcwBpAGEAbgAgAEgAaQBlAHIAYQByAGMAaABpAGMAYQBsACAAQQBwAHAAcgBvAGEAYwBoAC4AcABkAGYADwAaAAwATQBhAGMAaQBuAHQAbwBzAGgAIABIAEQAEgCLVXNlcnMvbWljaGEvRGVza3RvcC9kYXRhL3N5bmMvTGl0ZXJhdHVyZS9TY2hlaWJlaGVubmVSaWVza2FtcF8yMDEzX1Rlc3RpbmcgdGhlIEFkYXB0aXZlIFRvb2xib3ggTW9kZWxzIEEgQmF5ZXNpYW4gSGllcmFyY2hpY2FsIEFwcHJvYWNoLnBkZgAAEwABLwAAFQACAAz//wAAgAbSGxwdHlokY2xhc3NuYW1lWCRjbGFzc2VzXU5TTXV0YWJsZURhdGGjHR8gVk5TRGF0YVhOU09iamVjdNIbHCIjXE5TRGljdGlvbmFyeaIiIF8QD05TS2V5ZWRBcmNoaXZlctEmJ1Ryb290gAEACAARABoAIwAtADIANwBAAEYATQBVAGAAZwBqAGwAbgBxAHMAdQB3AIQAjgEcASEBKQPtA+8D9AP/BAgEFgQaBCEEKgQvBDwEPwRRBFQEWQAAAAAAAAIBAAAAAAAAACgAAAAAAAAAAAAAAAAAAARb}}

@article{ChaterOaksford2000:The-Rational-An,
	Author = {Nick Chater and Mike Oaksford},
	Date-Added = {2015-04-06 11:52:25 +0000},
	Date-Modified = {2015-04-06 11:53:19 +0000},
	Journal = {Synthese},
	Pages = {93--131},
	Title = {The Rational Analysis of Mind and Behavior},
	Volume = {122},
	Year = {2000},
	Bdsk-File-1 = {YnBsaXN0MDDUAQIDBAUGJCVYJHZlcnNpb25YJG9iamVjdHNZJGFyY2hpdmVyVCR0b3ASAAGGoKgHCBMUFRYaIVUkbnVsbNMJCgsMDxJXTlMua2V5c1pOUy5vYmplY3RzViRjbGFzc6INDoACgAOiEBGABIAFgAdccmVsYXRpdmVQYXRoWWFsaWFzRGF0YV8Qay4uLy4uLy4uLy4uL0Rlc2t0b3AvZGF0YS9zeW5jL0xpdGVyYXR1cmUvQ2hhdGVyT2Frc2ZvcmRfMjAwMF9UaGUgUmF0aW9uYWwgQW5hbHlzaXMgb2YgTWluZCBhbmQgQmVoYXZpb3IucGRm0hcLGBlXTlMuZGF0YU8RAmAAAAAAAmAAAgAADE1hY2ludG9zaCBIRAAAAAAAAAAAAAAAAAAAAM6XudNIKwAAAA68MR9DaGF0ZXJPYWtzZm9yZF8yMDAwXyNBMjU2QzcucGRmAAAAAAAAAAAAAAAAAAAAAAAAAAAAAAAAAAAAAAAAAAAAolbH0VevGQAAAAAAAAAAAAQABQAACSAAAAAAAAAAAAAAAAAAAAAKTGl0ZXJhdHVyZQAQAAgAAM6Xq8MAAAARAAgAANFXkvkAAAABABgADrwxAA67uQAN7wQADca1AAxPPQACZI4AAgBbTWFjaW50b3NoIEhEOlVzZXJzOgBtaWNoYToARGVza3RvcDoAZGF0YToAc3luYzoATGl0ZXJhdHVyZToAQ2hhdGVyT2Frc2ZvcmRfMjAwMF8jQTI1NkM3LnBkZgAADgCGAEIAQwBoAGEAdABlAHIATwBhAGsAcwBmAG8AcgBkAF8AMgAwADAAMABfAFQAaABlACAAUgBhAHQAaQBvAG4AYQBsACAAQQBuAGEAbAB5AHMAaQBzACAAbwBmACAATQBpAG4AZAAgAGEAbgBkACAAQgBlAGgAYQB2AGkAbwByAC4AcABkAGYADwAaAAwATQBhAGMAaQBuAHQAbwBzAGgAIABIAEQAEgBrVXNlcnMvbWljaGEvRGVza3RvcC9kYXRhL3N5bmMvTGl0ZXJhdHVyZS9DaGF0ZXJPYWtzZm9yZF8yMDAwX1RoZSBSYXRpb25hbCBBbmFseXNpcyBvZiBNaW5kIGFuZCBCZWhhdmlvci5wZGYAABMAAS8AABUAAgAM//8AAIAG0hscHR5aJGNsYXNzbmFtZVgkY2xhc3Nlc11OU011dGFibGVEYXRhox0fIFZOU0RhdGFYTlNPYmplY3TSGxwiI1xOU0RpY3Rpb25hcnmiIiBfEA9OU0tleWVkQXJjaGl2ZXLRJidUcm9vdIABAAgAEQAaACMALQAyADcAQABGAE0AVQBgAGcAagBsAG4AcQBzAHUAdwCEAI4A/AEBAQkDbQNvA3QDfwOIA5YDmgOhA6oDrwO8A78D0QPUA9kAAAAAAAACAQAAAAAAAAAoAAAAAAAAAAAAAAAAAAAD2w==}}

@article{TverskyKahnemann1981:The-Framing-of-,
	Author = {Amos Tversky and Daniel Kahnemann},
	Date-Added = {2012-06-09 15:27:16 +0000},
	Date-Modified = {2012-06-09 15:28:03 +0000},
	Journal = {Science},
	Number = {4481},
	Pages = {453--458},
	Title = {The Framing of Decisions and the Psychology of Choice},
	Volume = {211},
	Year = {1981},
	Bdsk-File-1 = {YnBsaXN0MDDUAQIDBAUGJCVYJHZlcnNpb25YJG9iamVjdHNZJGFyY2hpdmVyVCR0b3ASAAGGoKgHCBMUFRYaIVUkbnVsbNMJCgsMDxJXTlMua2V5c1pOUy5vYmplY3RzViRjbGFzc6INDoACgAOiEBGABIAFgAdccmVsYXRpdmVQYXRoWWFsaWFzRGF0YV8QeC4uLy4uLy4uLy4uL0Rlc2t0b3AvZGF0YS9zeW5jL0xpdGVyYXR1cmUvVHZlcnNreUthaG5lbWFubl8xOTgxX1RoZSBGcmFtaW5nIG9mIERlY2lzaW9ucyBhbmQgdGhlIFBzeWNob2xvZ3kgb2YgQ2hvaWNlLnBkZtIXCxgZV05TLmRhdGFPEQKGAAAAAAKGAAIAAAxNYWNpbnRvc2ggSEQAAAAAAAAAAAAAAAAAAADOl7nTSCsAAAAOvDEfVHZlcnNreUthaG5lbWFubl8xOTgxI0VDMDZCLnBkZgAAAAAAAAAAAAAAAAAAAAAAAAAAAAAAAAAAAAAAAAAAAA7Aa8v5OCwAAAAAAAAAAAAEAAUAAAkgAAAAAAAAAAAAAAAAAAAACkxpdGVyYXR1cmUAEAAIAADOl6vDAAAAEQAIAADL+RwMAAAAAQAYAA68MQAOu7kADe8EAA3GtQAMTz0AAmSOAAIAW01hY2ludG9zaCBIRDpVc2VyczoAbWljaGE6AERlc2t0b3A6AGRhdGE6AHN5bmM6AExpdGVyYXR1cmU6AFR2ZXJza3lLYWhuZW1hbm5fMTk4MSNFQzA2Qi5wZGYAAA4AoABPAFQAdgBlAHIAcwBrAHkASwBhAGgAbgBlAG0AYQBuAG4AXwAxADkAOAAxAF8AVABoAGUAIABGAHIAYQBtAGkAbgBnACAAbwBmACAARABlAGMAaQBzAGkAbwBuAHMAIABhAG4AZAAgAHQAaABlACAAUABzAHkAYwBoAG8AbABvAGcAeQAgAG8AZgAgAEMAaABvAGkAYwBlAC4AcABkAGYADwAaAAwATQBhAGMAaQBuAHQAbwBzAGgAIABIAEQAEgB4VXNlcnMvbWljaGEvRGVza3RvcC9kYXRhL3N5bmMvTGl0ZXJhdHVyZS9UdmVyc2t5S2FobmVtYW5uXzE5ODFfVGhlIEZyYW1pbmcgb2YgRGVjaXNpb25zIGFuZCB0aGUgUHN5Y2hvbG9neSBvZiBDaG9pY2UucGRmABMAAS8AABUAAgAM//8AAIAG0hscHR5aJGNsYXNzbmFtZVgkY2xhc3Nlc11OU011dGFibGVEYXRhox0fIFZOU0RhdGFYTlNPYmplY3TSGxwiI1xOU0RpY3Rpb25hcnmiIiBfEA9OU0tleWVkQXJjaGl2ZXLRJidUcm9vdIABAAgAEQAaACMALQAyADcAQABGAE0AVQBgAGcAagBsAG4AcQBzAHUAdwCEAI4BCQEOARYDoAOiA6cDsgO7A8kDzQPUA90D4gPvA/IEBAQHBAwAAAAAAAACAQAAAAAAAAAoAAAAAAAAAAAAAAAAAAAEDg==}}

@book{Nowak2006:Evolutionary-Dy,
	Author = {Martin A. Nowak},
	Date-Added = {2011-05-17 14:37:33 +0200},
	Date-Modified = {2011-05-17 14:38:40 +0200},
	Publisher = {Harvard University Press},
	Title = {Evolutionary Dynamics: {E}xploring the Equations of Life},
	Year = {2006},
	Bdsk-File-1 = {YnBsaXN0MDDUAQIDBAUGJCVYJHZlcnNpb25YJG9iamVjdHNZJGFyY2hpdmVyVCR0b3ASAAGGoKgHCBMUFRYaIVUkbnVsbNMJCgsMDxJXTlMua2V5c1pOUy5vYmplY3RzViRjbGFzc6INDoACgAOiEBGABIAFgAdccmVsYXRpdmVQYXRoWWFsaWFzRGF0YV8QbS4uLy4uLy4uLy4uL0Rlc2t0b3AvZGF0YS9zeW5jL0xpdGVyYXR1cmUvTm93YWtfMjAwNl9Fdm9sdXRpb25hcnkgRHluYW1pY3MgRXhwbG9yaW5nIHRoZSBFcXVhdGlvbnMgb2YgTGlmZS5wZGbSFwsYGVdOUy5kYXRhTxECZgAAAAACZgACAAAMTWFjaW50b3NoIEhEAAAAAAAAAAAAAAAAAAAAzpe500grAAAADrwxH05vd2FrXzIwMDZfRXZvbHV0aW9uYSNFQkY2NC5wZGYAAAAAAAAAAAAAAAAAAAAAAAAAAAAAAAAAAAAAAAAAAAAOv2TJ+dHvAAAAAAAAAAAABAAFAAAJIAAAAAAAAAAAAAAAAAAAAApMaXRlcmF0dXJlABAACAAAzperwwAAABEACAAAyfm1zwAAAAEAGAAOvDEADru5AA3vBAANxrUADE89AAJkjgACAFtNYWNpbnRvc2ggSEQ6VXNlcnM6AG1pY2hhOgBEZXNrdG9wOgBkYXRhOgBzeW5jOgBMaXRlcmF0dXJlOgBOb3dha18yMDA2X0V2b2x1dGlvbmEjRUJGNjQucGRmAAAOAIoARABOAG8AdwBhAGsAXwAyADAAMAA2AF8ARQB2AG8AbAB1AHQAaQBvAG4AYQByAHkAIABEAHkAbgBhAG0AaQBjAHMAIABFAHgAcABsAG8AcgBpAG4AZwAgAHQAaABlACAARQBxAHUAYQB0AGkAbwBuAHMAIABvAGYAIABMAGkAZgBlAC4AcABkAGYADwAaAAwATQBhAGMAaQBuAHQAbwBzAGgAIABIAEQAEgBtVXNlcnMvbWljaGEvRGVza3RvcC9kYXRhL3N5bmMvTGl0ZXJhdHVyZS9Ob3dha18yMDA2X0V2b2x1dGlvbmFyeSBEeW5hbWljcyBFeHBsb3JpbmcgdGhlIEVxdWF0aW9ucyBvZiBMaWZlLnBkZgAAEwABLwAAFQACAAz//wAAgAbSGxwdHlokY2xhc3NuYW1lWCRjbGFzc2VzXU5TTXV0YWJsZURhdGGjHR8gVk5TRGF0YVhOU09iamVjdNIbHCIjXE5TRGljdGlvbmFyeaIiIF8QD05TS2V5ZWRBcmNoaXZlctEmJ1Ryb290gAEACAARABoAIwAtADIANwBAAEYATQBVAGAAZwBqAGwAbgBxAHMAdQB3AIQAjgD+AQMBCwN1A3cDfAOHA5ADngOiA6kDsgO3A8QDxwPZA9wD4QAAAAAAAAIBAAAAAAAAACgAAAAAAAAAAAAAAAAAAAPj}}

@article{KahnemannTversky1979:Prospect-Theory,
	Author = {Daniel Kahnemann and Amos Tversky},
	Date-Added = {2015-03-03 14:41:05 +0000},
	Date-Modified = {2015-03-03 14:42:22 +0000},
	Doi = {10.1007/BF00122574},
	Journal = {Econometrica},
	Number = {2},
	Pages = {263--292},
	Title = {Prospect Theory: {A}n Analysis of Decision under Risk},
	Volume = {47},
	Year = {1979},
	Bdsk-File-1 = {YnBsaXN0MDDUAQIDBAUGJCVYJHZlcnNpb25YJG9iamVjdHNZJGFyY2hpdmVyVCR0b3ASAAGGoKgHCBMUFRYaIVUkbnVsbNMJCgsMDxJXTlMua2V5c1pOUy5vYmplY3RzViRjbGFzc6INDoACgAOiEBGABIAFgAdccmVsYXRpdmVQYXRoWWFsaWFzRGF0YV8QdS4uLy4uLy4uLy4uL0Rlc2t0b3AvZGF0YS9zeW5jL0xpdGVyYXR1cmUvS2FobmVtYW5uVHZlcnNreV8xOTc5X1Byb3NwZWN0IFRoZW9yeSBBbiBBbmFseXNpcyBvZiBEZWNpc2lvbiB1bmRlciBSaXNrLnBkZtIXCxgZV05TLmRhdGFPEQJ+AAAAAAJ+AAIAAAxNYWNpbnRvc2ggSEQAAAAAAAAAAAAAAAAAAADOl7nTSCsAAAAOvDEfS2FobmVtYW5uVHZlcnNreV8xOTcjOTZBMUE3LnBkZgAAAAAAAAAAAAAAAAAAAAAAAAAAAAAAAAAAAAAAAAAAAJahp9Edw8QAAAAAAAAAAAAEAAUAAAkgAAAAAAAAAAAAAAAAAAAACkxpdGVyYXR1cmUAEAAIAADOl6vDAAAAEQAIAADRHbW0AAAAAQAYAA68MQAOu7kADe8EAA3GtQAMTz0AAmSOAAIAW01hY2ludG9zaCBIRDpVc2VyczoAbWljaGE6AERlc2t0b3A6AGRhdGE6AHN5bmM6AExpdGVyYXR1cmU6AEthaG5lbWFublR2ZXJza3lfMTk3Izk2QTFBNy5wZGYAAA4AmgBMAEsAYQBoAG4AZQBtAGEAbgBuAFQAdgBlAHIAcwBrAHkAXwAxADkANwA5AF8AUAByAG8AcwBwAGUAYwB0ACAAVABoAGUAbwByAHkAIABBAG4AIABBAG4AYQBsAHkAcwBpAHMAIABvAGYAIABEAGUAYwBpAHMAaQBvAG4AIAB1AG4AZABlAHIAIABSAGkAcwBrAC4AcABkAGYADwAaAAwATQBhAGMAaQBuAHQAbwBzAGgAIABIAEQAEgB1VXNlcnMvbWljaGEvRGVza3RvcC9kYXRhL3N5bmMvTGl0ZXJhdHVyZS9LYWhuZW1hbm5UdmVyc2t5XzE5NzlfUHJvc3BlY3QgVGhlb3J5IEFuIEFuYWx5c2lzIG9mIERlY2lzaW9uIHVuZGVyIFJpc2sucGRmAAATAAEvAAAVAAIADP//AACABtIbHB0eWiRjbGFzc25hbWVYJGNsYXNzZXNdTlNNdXRhYmxlRGF0YaMdHyBWTlNEYXRhWE5TT2JqZWN00hscIiNcTlNEaWN0aW9uYXJ5oiIgXxAPTlNLZXllZEFyY2hpdmVy0SYnVHJvb3SAAQAIABEAGgAjAC0AMgA3AEAARgBNAFUAYABnAGoAbABuAHEAcwB1AHcAhACOAQYBCwETA5UDlwOcA6cDsAO+A8IDyQPSA9cD5APnA/kD/AQBAAAAAAAAAgEAAAAAAAAAKAAAAAAAAAAAAAAAAAAABAM=}}

@book{Savage1954:The-Foundations,
	Address = {New York},
	Author = {Leonard Jimmie Savage},
	Date-Added = {2015-09-15 11:36:22 +0000},
	Date-Modified = {2015-09-15 11:36:48 +0000},
	Publisher = {Dover},
	Title = {The Foundations of Statistics},
	Year = {1954}}

@article{HalpernPass2012:Iterated-Regret,
	Author = {Joseph Y. Halpern and Rafael Pass},
	Date-Added = {2013-09-28 07:57:08 +0000},
	Date-Modified = {2013-09-28 07:59:24 +0000},
	Doi = {10.1016/j.geb.2011.05.012},
	Journal = {Games and Economic Behavior},
	Pages = {184--207},
	Title = {Iterated Regret Minimization: {A} New Solution Concept},
	Volume = {74},
	Year = {2012},
	Bdsk-File-1 = {YnBsaXN0MDDUAQIDBAUGJCVYJHZlcnNpb25YJG9iamVjdHNZJGFyY2hpdmVyVCR0b3ASAAGGoKgHCBMUFRYaIVUkbnVsbNMJCgsMDxJXTlMua2V5c1pOUy5vYmplY3RzViRjbGFzc6INDoACgAOiEBGABIAFgAdccmVsYXRpdmVQYXRoWWFsaWFzRGF0YV8QcS4uLy4uLy4uLy4uL0Rlc2t0b3AvZGF0YS9zeW5jL0xpdGVyYXR1cmUvSGFscGVyblBhc3NfMjAxMl9JdGVyYXRlZCBSZWdyZXQgTWluaW1pemF0aW9uIEEgTmV3IFNvbHV0aW9uIENvbmNlcHQucGRm0hcLGBlXTlMuZGF0YU8RAnIAAAAAAnIAAgAADE1hY2ludG9zaCBIRAAAAAAAAAAAAAAAAAAAAM6XudNIKwAAAA68MR9IYWxwZXJuUGFzc18yMDEyX0l0ZSNBOEI2RjIucGRmAAAAAAAAAAAAAAAAAAAAAAAAAAAAAAAAAAAAAAAAAAAAqLby0YHaxAAAAAAAAAAAAAQABQAACSAAAAAAAAAAAAAAAAAAAAAKTGl0ZXJhdHVyZQAQAAgAAM6Xq8MAAAARAAgAANGBvqQAAAABABgADrwxAA67uQAN7wQADca1AAxPPQACZI4AAgBbTWFjaW50b3NoIEhEOlVzZXJzOgBtaWNoYToARGVza3RvcDoAZGF0YToAc3luYzoATGl0ZXJhdHVyZToASGFscGVyblBhc3NfMjAxMl9JdGUjQThCNkYyLnBkZgAADgCSAEgASABhAGwAcABlAHIAbgBQAGEAcwBzAF8AMgAwADEAMgBfAEkAdABlAHIAYQB0AGUAZAAgAFIAZQBnAHIAZQB0ACAATQBpAG4AaQBtAGkAegBhAHQAaQBvAG4AIABBACAATgBlAHcAIABTAG8AbAB1AHQAaQBvAG4AIABDAG8AbgBjAGUAcAB0AC4AcABkAGYADwAaAAwATQBhAGMAaQBuAHQAbwBzAGgAIABIAEQAEgBxVXNlcnMvbWljaGEvRGVza3RvcC9kYXRhL3N5bmMvTGl0ZXJhdHVyZS9IYWxwZXJuUGFzc18yMDEyX0l0ZXJhdGVkIFJlZ3JldCBNaW5pbWl6YXRpb24gQSBOZXcgU29sdXRpb24gQ29uY2VwdC5wZGYAABMAAS8AABUAAgAM//8AAIAG0hscHR5aJGNsYXNzbmFtZVgkY2xhc3Nlc11OU011dGFibGVEYXRhox0fIFZOU0RhdGFYTlNPYmplY3TSGxwiI1xOU0RpY3Rpb25hcnmiIiBfEA9OU0tleWVkQXJjaGl2ZXLRJidUcm9vdIABAAgAEQAaACMALQAyADcAQABGAE0AVQBgAGcAagBsAG4AcQBzAHUAdwCEAI4BAgEHAQ8DhQOHA4wDlwOgA64DsgO5A8IDxwPUA9cD6QPsA/EAAAAAAAACAQAAAAAAAAAoAAAAAAAAAAAAAAAAAAAD8w==}}

@article{LoomesSugden1982:Regret-Theory:-,
	Author = {Graham Loomes and Robert Sugden},
	Date-Added = {2014-07-01 10:18:10 +0000},
	Date-Modified = {2014-07-01 10:19:06 +0000},
	Journal = {The Economic Journal},
	Pages = {805--824},
	Title = {Regret Theory: {A}n Alternative Theory of Rational Choice Under Uncertainty},
	Volume = {92},
	Year = {1982},
	Bdsk-File-1 = {YnBsaXN0MDDUAQIDBAUGJCVYJHZlcnNpb25YJG9iamVjdHNZJGFyY2hpdmVyVCR0b3ASAAGGoKgHCBMUFRYaIVUkbnVsbNMJCgsMDxJXTlMua2V5c1pOUy5vYmplY3RzViRjbGFzc6INDoACgAOiEBGABIAFgAdccmVsYXRpdmVQYXRoWWFsaWFzRGF0YV8Qey4uLy4uLy4uLy4uL0Rlc2t0b3AvZGF0YS9zeW5jL0xpdGVyYXR1cmUvTG9vbWVzU3VnZGVuXzE5ODJfUmVncmV0IFRoZW9yeSBBbiBBbHRlcm5hdGl2ZSBUaGVvcnkgb2YgUmF0aW9uYWwgQ2hvaWNlIFVuZGVyLnBkZtIXCxgZV05TLmRhdGFPEQKQAAAAAAKQAAIAAAxNYWNpbnRvc2ggSEQAAAAAAAAAAAAAAAAAAADOl7nTSCsAAAAOvDEfTG9vbWVzU3VnZGVuXzE5ODJfUmUjNDlCMzAyLnBkZgAAAAAAAAAAAAAAAAAAAAAAAAAAAAAAAAAAAAAAAAAAAEmzAs/YWBAAAAAAAAAAAAAEAAUAAAkgAAAAAAAAAAAAAAAAAAAACkxpdGVyYXR1cmUAEAAIAADOl6vDAAAAEQAIAADP2DvwAAAAAQAYAA68MQAOu7kADe8EAA3GtQAMTz0AAmSOAAIAW01hY2ludG9zaCBIRDpVc2VyczoAbWljaGE6AERlc2t0b3A6AGRhdGE6AHN5bmM6AExpdGVyYXR1cmU6AExvb21lc1N1Z2Rlbl8xOTgyX1JlIzQ5QjMwMi5wZGYAAA4ApgBSAEwAbwBvAG0AZQBzAFMAdQBnAGQAZQBuAF8AMQA5ADgAMgBfAFIAZQBnAHIAZQB0ACAAVABoAGUAbwByAHkAIABBAG4AIABBAGwAdABlAHIAbgBhAHQAaQB2AGUAIABUAGgAZQBvAHIAeQAgAG8AZgAgAFIAYQB0AGkAbwBuAGEAbAAgAEMAaABvAGkAYwBlACAAVQBuAGQAZQByAC4AcABkAGYADwAaAAwATQBhAGMAaQBuAHQAbwBzAGgAIABIAEQAEgB7VXNlcnMvbWljaGEvRGVza3RvcC9kYXRhL3N5bmMvTGl0ZXJhdHVyZS9Mb29tZXNTdWdkZW5fMTk4Ml9SZWdyZXQgVGhlb3J5IEFuIEFsdGVybmF0aXZlIFRoZW9yeSBvZiBSYXRpb25hbCBDaG9pY2UgVW5kZXIucGRmAAATAAEvAAAVAAIADP//AACABtIbHB0eWiRjbGFzc25hbWVYJGNsYXNzZXNdTlNNdXRhYmxlRGF0YaMdHyBWTlNEYXRhWE5TT2JqZWN00hscIiNcTlNEaWN0aW9uYXJ5oiIgXxAPTlNLZXllZEFyY2hpdmVy0SYnVHJvb3SAAQAIABEAGgAjAC0AMgA3AEAARgBNAFUAYABnAGoAbABuAHEAcwB1AHcAhACOAQwBEQEZA60DrwO0A78DyAPWA9oD4QPqA+8D/AP/BBEEFAQZAAAAAAAAAgEAAAAAAAAAKAAAAAAAAAAAAAAAAAAABBs=}}

@book{Maynard-Smith1982:Evolution-and-t,
	Author = {John {Maynard Smith}},
	Date-Added = {2011-01-04 12:18:54 +0100},
	Date-Modified = {2011-01-04 12:19:48 +0100},
	Publisher = {Cambridge University Press},
	Title = {Evolution and the Theory of Games},
	Year = {1982}}

